%YAML 1.1
%TAG !u! tag:unity3d.com,2011:
--- !u!1001 &100100000
Prefab:
  m_ObjectHideFlags: 1
  serializedVersion: 2
  m_Modification:
    m_TransformParent: {fileID: 0}
    m_Modifications: []
    m_RemovedComponents: []
  m_ParentPrefab: {fileID: 0}
  m_RootGameObject: {fileID: 1135236533019780}
  m_IsPrefabParent: 1
--- !u!1 &1135236533019780
GameObject:
  m_ObjectHideFlags: 0
  m_PrefabParentObject: {fileID: 0}
  m_PrefabInternal: {fileID: 100100000}
  serializedVersion: 5
  m_Component:
  - component: {fileID: 224316176518198754}
  - component: {fileID: 222503849601388438}
  - component: {fileID: 114238230554847968}
  - component: {fileID: 114525855908866802}
  - component: {fileID: 114455492198733580}
  - component: {fileID: 114888954381225190}
  - component: {fileID: 114764742124556804}
  m_Layer: 0
  m_Name: SmartAssistanceManager
  m_TagString: Untagged
  m_Icon: {fileID: 0}
  m_NavMeshLayer: 0
  m_StaticEditorFlags: 0
  m_IsActive: 1
--- !u!114 &114238230554847968
MonoBehaviour:
  m_ObjectHideFlags: 1
  m_PrefabParentObject: {fileID: 0}
  m_PrefabInternal: {fileID: 100100000}
  m_GameObject: {fileID: 1135236533019780}
  m_Enabled: 1
  m_EditorHideFlags: 0
  m_Script: {fileID: 11500000, guid: c520b7b413f540338ea30543fc58ad9d, type: 3}
  m_Name: 
  m_EditorClassIdentifier: 
  FrameWidth: 640
  FrameHeight: 480
  AutoRejoin: 1
  RejoinTime: 2
  BlockSleep: 1
  NetworkFailuresBeforeLogout: 5
  TryI420: 0
  DeviceType: 2
  EnvironmentType: 3
  CurrentCallState: 0
  ConnectionFailed: {fileID: 11400000, guid: 82c034e643a33774a974f22b6ccc3de6, type: 2}
  AccessingAudioVideoFailed: {fileID: 11400000, guid: 942fc70b7f6fdf040a765f5982c11933,
    type: 2}
  ListeningFailed: {fileID: 11400000, guid: 7d873a0c27a2a154faffb73fb52c32c0, type: 2}
  CallEnded: {fileID: 11400000, guid: d0b01280225360442a4b793b98af73e1, type: 2}
  ErrorConfiguringSignalerChannel: {fileID: 11400000, guid: 1f84f14aa92171543920629f16c45aef,
    type: 2}
  JoinCallFailedCallIsAlreadyStillActive: {fileID: 11400000, guid: 489f95a72b3a2e24a8928e320d1902d8,
    type: 2}
  IsLoggingIn: 0
  IsSender: 0
--- !u!114 &114455492198733580
MonoBehaviour:
  m_ObjectHideFlags: 1
  m_PrefabParentObject: {fileID: 0}
  m_PrefabInternal: {fileID: 100100000}
  m_GameObject: {fileID: 1135236533019780}
  m_Enabled: 1
  m_EditorHideFlags: 0
  m_Script: {fileID: 11500000, guid: d445be9eaaf043f6ab6969e3506f9a76, type: 3}
  m_Name: 
  m_EditorClassIdentifier: 
--- !u!114 &114525855908866802
MonoBehaviour:
  m_ObjectHideFlags: 1
  m_PrefabParentObject: {fileID: 0}
  m_PrefabInternal: {fileID: 100100000}
  m_GameObject: {fileID: 1135236533019780}
  m_Enabled: 1
  m_EditorHideFlags: 0
  m_Script: {fileID: 11500000, guid: 81c0807e27114f08be143deab804cbda, type: 3}
  m_Name: 
  m_EditorClassIdentifier: 
  Endpoint: http://devubuntu.smartassistance.net/nettester
  TimeoutSeconds: 10
  WaitBetweenChecksSeconds: 5
  OptimalDownloadSpeedMbps: 0.5
  CurrentStatus: 0
  CurrentFitness: 0
  CurrentSpeedMbps: 0
--- !u!114 &114764742124556804
MonoBehaviour:
  m_ObjectHideFlags: 1
  m_PrefabParentObject: {fileID: 0}
  m_PrefabInternal: {fileID: 100100000}
  m_GameObject: {fileID: 1135236533019780}
  m_Enabled: 1
  m_EditorHideFlags: 0
  m_Script: {fileID: 11500000, guid: 9ad9a93d44206a047bc39e0748380d8a, type: 3}
  m_Name: 
  m_EditorClassIdentifier: 
  m_PrefKey: GameLanguage
--- !u!114 &114888954381225190
MonoBehaviour:
  m_ObjectHideFlags: 1
  m_PrefabParentObject: {fileID: 0}
  m_PrefabInternal: {fileID: 100100000}
  m_GameObject: {fileID: 1135236533019780}
  m_Enabled: 1
  m_EditorHideFlags: 0
  m_Script: {fileID: 11500000, guid: 414a64bacffd44afa1ab005ff4bdfec5, type: 3}
  m_Name: 
  m_EditorClassIdentifier: 
  CallScreen: {fileID: 0}
  InstructionsScreen: {fileID: 0}
  IncomingCallScreen: {fileID: 0}
  StartCallScreen: {fileID: 0}
  ConfirmLogoutScreen: {fileID: 0}
  ContactsScreen: {fileID: 0}
  LoginScreen: {fileID: 0}
  TutorialStartACallScreen: {fileID: 0}
  TutorialArWidgetsScreen: {fileID: 0}
  TutorialDrawWidgetsScreen: {fileID: 0}
  TutorialRemoveWidgetsScreen: {fileID: 0}
  DisconnectedFromServerScreen: {fileID: 0}
--- !u!222 &222503849601388438
CanvasRenderer:
  m_ObjectHideFlags: 1
  m_PrefabParentObject: {fileID: 0}
  m_PrefabInternal: {fileID: 100100000}
  m_GameObject: {fileID: 1135236533019780}
--- !u!224 &224316176518198754
RectTransform:
  m_ObjectHideFlags: 1
  m_PrefabParentObject: {fileID: 0}
  m_PrefabInternal: {fileID: 100100000}
  m_GameObject: {fileID: 1135236533019780}
  m_LocalRotation: {x: 0, y: 0, z: 0, w: 1}
  m_LocalPosition: {x: 0, y: 0, z: 0}
  m_LocalScale: {x: 1, y: 1, z: 1}
  m_Children: []
  m_Father: {fileID: 0}
  m_RootOrder: 0
  m_LocalEulerAnglesHint: {x: 0, y: 0, z: 0}
  m_AnchorMin: {x: 0.5, y: 0.5}
  m_AnchorMax: {x: 0.5, y: 0.5}
  m_AnchoredPosition: {x: 0, y: 0}
  m_SizeDelta: {x: 100, y: 100}
  m_Pivot: {x: 0.5, y: 0.5}
